<record><leader>00000cas a2200000 a 4500</leader><controlfield tag="001">22867285</controlfield><controlfield tag="008">901217d187u1877iluwr ne      0   a0eng c</controlfield><datafield ind1=" " ind2=" " tag="010"><subfield code="a">sn 90054139 </subfield></datafield><datafield ind1=" " ind2=" " tag="040"><subfield code="a">NVF</subfield><subfield code="b">eng</subfield><subfield code="c">NVF</subfield><subfield code="d">NVF</subfield><subfield code="d">OCLCQ</subfield><subfield code="d">OCLCF</subfield><subfield code="d">NVF</subfield><subfield code="d">OCLCO</subfield></datafield><datafield ind1="1" ind2=" " tag="029"><subfield code="a">AU@</subfield><subfield code="b">000020630666</subfield></datafield><datafield ind1=" " ind2=" " tag="042"><subfield code="a">pcc</subfield></datafield><datafield ind1=" " ind2=" " tag="043"><subfield code="a">n-us-il</subfield></datafield><datafield ind1="0" ind2="0" tag="245"><subfield code="a">Livingston County blade.</subfield></datafield><datafield ind1=" " ind2=" " tag="260"><subfield code="a">Fairbury, Ill. :</subfield><subfield code="b">C.E. Holmes</subfield></datafield><datafield ind1=" " ind2=" " tag="300"><subfield code="a">v.</subfield></datafield><datafield ind1=" " ind2=" " tag="310"><subfield code="a">Weekly</subfield></datafield><datafield ind1="1" ind2=" " tag="362"><subfield code="a">Ceased in 1877.</subfield></datafield><datafield ind1=" " ind2=" " tag="580"><subfield code="a">Merged with: Fairbury weekly independent, to form: Independent-blade (Fairbury, Ill.).</subfield></datafield><datafield ind1=" " ind2=" " tag="588"><subfield code="a">Description based on: Feb. 5, 1876.</subfield></datafield><datafield ind1=" " ind2=" " tag="588"><subfield code="a">Latest issue consulted: Jan. 6, 1877.</subfield></datafield><datafield ind1=" " ind2="0" tag="651"><subfield code="a">Livingston County (Ill.)</subfield><subfield code="v">Newspapers.</subfield></datafield><datafield ind1=" " ind2="7" tag="655"><subfield code="a">Newspapers.</subfield><subfield code="2">fast</subfield><subfield code="0">(OCoLC)fst01423814</subfield></datafield><datafield ind1=" " ind2=" " tag="752"><subfield code="a">United States</subfield><subfield code="b">Illinois</subfield><subfield code="c">Livingston</subfield><subfield code="d">Fairbury.</subfield></datafield><datafield ind1="1" ind2="7" tag="785"><subfield code="t">Fairbury weekly independent</subfield><subfield code="w">(DLC)sn 90054138</subfield><subfield code="w">(OCoLC)22867207</subfield></datafield><datafield ind1="1" ind2="7" tag="785"><subfield code="t">Independent-blade (Fairbury, Ill.)</subfield><subfield code="w">(DLC)sn 90054140</subfield><subfield code="w">(OCoLC)22868906</subfield></datafield></record>